<record><leader>00000cas a22000007a 4500</leader><controlfield tag="001">17008522</controlfield><controlfield tag="008">871120d19431uuuwiumr ne      0    0eng d</controlfield><datafield ind1=" " ind2=" " tag="010"><subfield code="a">sn 87082865 </subfield></datafield><datafield ind1=" " ind2=" " tag="040"><subfield code="a">NPV</subfield><subfield code="b">eng</subfield><subfield code="c">NPV</subfield><subfield code="d">OCLCQ</subfield></datafield><datafield ind1=" " ind2=" " tag="042"><subfield code="a">msc</subfield></datafield><datafield ind1="0" ind2="0" tag="245"><subfield code="a">Three Lakes swap.</subfield></datafield><datafield ind1=" " ind2=" " tag="260"><subfield code="a">Three Lakes, Wis. :</subfield><subfield code="b">[Three Lakes Rotary Club]</subfield></datafield><datafield ind1=" " ind2=" " tag="300"><subfield code="a">v.</subfield></datafield><datafield ind1=" " ind2=" " tag="310"><subfield code="a">Monthly</subfield></datafield><datafield ind1="1" ind2=" " tag="362"><subfield code="a">Began in Jan., 1943?</subfield></datafield><datafield ind1=" " ind2=" " tag="500"><subfield code="a">"Published Monthly for those in the Armed Services: Sponsored by the Three Lakes Rotary Club."</subfield></datafield><datafield ind1=" " ind2=" " tag="588"><subfield code="a">Description based on: Vol. 1, no. 2 (Feb., 1943).</subfield></datafield><datafield ind1=" " ind2=" " tag="752"><subfield code="a">United States</subfield><subfield code="b">Wisconsin</subfield><subfield code="c">Oneida</subfield><subfield code="d">Three Lakes.</subfield></datafield></record>